LIBRARY: LIT

@Article{muster,
  author = 	 {Autor},
  title = 	 {Titel},
  journal = 	 {Journal},
  year = 	 {Jahr},
  volume = 	 {Volume},
  pages = 	 {Seiten},
}
